@article{wilson2020bayesian,
  title   = {Bayesian deep learning and a probabilistic perspective of generalization},
  author  = {Wilson, Andrew G and Izmailov, Pavel},
  journal = {Advances in neural information processing systems},
  year    = {2020}
}

@inproceedings{farquhar2020radial,
  title        = {Radial bayesian neural networks: Beyond discrete support in large-scale bayesian deep learning},
  author       = {Farquhar, Sebastian and Osborne, Michael A and Gal, Yarin},
  booktitle    = {International Conference on Artificial Intelligence and Statistics},
  year         = {2020},
  organization = {PMLR}
}

@inproceedings{gal2016dropout,
  title        = {Dropout as a bayesian approximation: Representing model uncertainty in deep learning},
  author       = {Gal, Yarin and Ghahramani, Zoubin},
  booktitle    = {International Conference on Machine Learning},
  year         = {2016},
  organization = {PMLR}
}

@article{coker2021wide,
  title   = {Wide Mean-Field Variational Bayesian Neural Networks Ignore the Data},
  journal = {International Conference on Machine Learning},
  year    = {2021},
  author  = {Coker, Beau and Pan, Weiwei and Doshi-Velez, Finale}
}

@article{lakshminarayanan2017simple,
  title   = {Simple and scalable predictive uncertainty estimation using deep ensembles},
  author  = {Lakshminarayanan, Balaji and Pritzel, Alexander and Blundell, Charles},
  journal = {Advances in neural information processing systems},
  year    = {2017}
}

@article{kingma2015variational,
  title   = {Variational dropout and the local reparameterization trick},
  author  = {Kingma, Durk P and Salimans, Tim and Welling, Max},
  journal = {Advances in Neural Information Processing Systems},
  year    = {2015}
}

@article{rajpurkar2017mura,
  title   = {Mura: Large dataset for abnormality detection in musculoskeletal radiographs},
  author  = {Rajpurkar, Pranav and Irvin, Jeremy and Bagul, Aarti and Ding, Daisy and Duan, Tony and Mehta, Hershel and Yang, Brandon and Zhu, Kaylie and Laird, Dillon and Ball, Robyn L and others},
  journal = {arXiv preprint arXiv:1712.06957},
  year    = {2017}
}

@article{daxberger2021laplace,
  title   = {Laplace Redux-Effortless Bayesian Deep Learning},
  author  = {Daxberger, Erik and Kristiadi, Agustinus and Immer, Alexander and Eschenhagen, Runa and Bauer, Matthias and Hennig, Philipp},
  journal = {Advances in Neural Information Processing Systems},
  year    = {2021}
}

@article{lecun1998gradient,
  title   = {Gradient-based learning applied to document recognition},
  author  = {LeCun, Yann and Bottou, L{\'e}on and Bengio, Yoshua and Haffner, Patrick},
  journal = {Proceedings of the IEEE},
  year    = {1998}
}

@article{krizhevsky2009learning,
  title     = {Learning multiple layers of features from tiny images},
  author    = {Krizhevsky, Alex and Hinton, Geoffrey and others},
  year      = {2009},
  publisher = {Citeseer}
}

@article{wu2018deterministic,
  title   = {Deterministic variational inference for robust bayesian neural networks},
  author  = {Wu, Anqi and Nowozin, Sebastian and Meeds, Edward and Turner, Richard E and Hern{\'a}ndez-Lobato, Jos{\'e} Miguel and Gaunt, Alexander L},
  journal = {arXiv preprint arXiv:1810.03958},
  year    = {2018}
}

@article{mackay1992evidence,
  title     = {The evidence framework applied to classification networks},
  author    = {MacKay, David JC},
  journal   = {Neural computation},
  year      = {1992},
  publisher = {MIT Press}
}

@book{bernardo2009bayesian,
  title     = {Bayesian theory},
  author    = {Bernardo, Jos{\'e} M and Smith, Adrian FM},
  volume    = {405},
  year      = {2009},
  publisher = {John Wiley \& Sons}
}

@book{bishop2006pattern_evidence,
  title     = {Pattern recognition and machine learning},
  author    = {Bishop, Christopher M and Nasrabadi, Nasser M},
  volume    = {4},
  number    = {4},
  year      = {2006},
  publisher = {Springer},
  pages     = {165-172}
}

@inproceedings{huang2017densely,
  title     = {Densely connected convolutional networks},
  author    = {Huang, Gao and Liu, Zhuang and Van Der Maaten, Laurens and Weinberger, Kilian Q},
  booktitle = {Proceedings of the IEEE conference on computer vision and pattern recognition},
  year      = {2017}
}

@article{fortuin2021priors,
  title   = {Priors in bayesian deep learning: A review},
  author  = {Fortuin, Vincent},
  journal = {arXiv preprint arXiv:2105.06868},
  year    = {2021}
}

@article{chang2021bayesian,
  title   = {Bayesian Neural Networks: Essentials},
  author  = {Chang, Daniel T},
  journal = {arXiv preprint arXiv:2106.13594},
  year    = {2021}
}

@article{farquhar2020liberty,
  title   = {Liberty or depth: Deep bayesian neural nets do not need complex weight posterior approximations},
  author  = {Farquhar, Sebastian and Smith, Lewis and Gal, Yarin},
  journal = {Advances in Neural Information Processing Systems},
  year    = {2020}
}

@article{ritter2021tyxe,
  title   = {Ty{X}e: Pyro-based {B}ayesian neural nets for {P}ytorch},
  author  = {Ritter, Hippolyt and Karaletsos, Theofanis},
  journal = {arXiv preprint arXiv:2110.00276},
  year    = {2021}
}

@incollection{paszke2019pytorch,
  title     = {PyTorch: An Imperative Style, High-Performance Deep Learning Library},
  author    = {Paszke, Adam and Gross, Sam and Massa, Francisco and Lerer, Adam and Bradbury, James and Chanan, Gregory and Killeen, Trevor and Lin, Zeming and Gimelshein, Natalia and Antiga, Luca and Desmaison, Alban and Kopf, Andreas and Yang, Edward and DeVito, Zachary and Raison, Martin and Tejani, Alykhan and Chilamkurthy, Sasank and Steiner, Benoit and Fang, Lu and Bai, Junjie and Chintala, Soumith},
  booktitle = {Advances in Neural Information Processing Systems}
}

@article{bingham2018pyro,
  author  = {Bingham, Eli and Chen, Jonathan P. and Jankowiak, Martin and Obermeyer, Fritz and
             Pradhan, Neeraj and Karaletsos, Theofanis and Singh, Rohit and Szerlip, Paul and
             Horsfall, Paul and Goodman, Noah D.},
  title   = {{Pyro: Deep Universal Probabilistic Programming}},
  journal = {Journal of Machine Learning Research},
  year    = {2018}
}

@article{nguyen2017variational,
  title   = {Variational continual learning},
  author  = {Nguyen, Cuong V and Li, Yingzhen and Bui, Thang D and Turner, Richard E},
  journal = {arXiv preprint arXiv:1710.10628},
  year    = {2017}
}

@inproceedings{izmailov2021bayesian,
  title        = {What are Bayesian neural network posteriors really like?},
  author       = {Izmailov, Pavel and Vikram, Sharad and Hoffman, Matthew D and Wilson, Andrew Gordon Gordon},
  booktitle    = {International Conference on Machine Learning},
  year         = {2021},
  organization = {PMLR}
}

@inproceedings{gal2017deep,
  title        = {Deep bayesian active learning with image data},
  author       = {Gal, Yarin and Islam, Riashat and Ghahramani, Zoubin},
  booktitle    = {International Conference on Machine Learning},
  year         = {2017},
  organization = {PMLR}
}

@article{shannon1948mathematical,
  title     = {A mathematical theory of communication},
  author    = {Shannon, Claude Elwood},
  journal   = {The Bell system technical journal},
  volume    = {27},
  number    = {3},
  year      = {1948},
  publisher = {Nokia Bell Labs}
}

@article{maddox2019simple,
  title   = {A simple baseline for bayesian uncertainty in deep learning},
  author  = {Maddox, Wesley J and Izmailov, Pavel and Garipov, Timur and Vetrov, Dmitry P and Wilson, Andrew Gordon},
  journal = {Advances in Neural Information Processing Systems},
  volume  = {32},
  year    = {2019}
}

@article{foong2020expressiveness,
  title   = {On the expressiveness of approximate inference in bayesian neural networks},
  author  = {Foong, Andrew and Burt, David and Li, Yingzhen and Turner, Richard},
  journal = {Advances in Neural Information Processing Systems},
  volume  = {33},
  pages   = {15897--15908},
  year    = {2020}
}

@article{cohn1996active,
  title   = {Active learning with statistical models},
  author  = {Cohn, David A and Ghahramani, Zoubin and Jordan, Michael I},
  journal = {Journal of artificial intelligence research},
  volume  = {4},
  pages   = {129--145},
  year    = {1996}
}

@article{netzer2011reading,
  title  = {Reading digits in natural images with unsupervised feature learning},
  author = {Netzer, Yuval and Wang, Tao and Coates, Adam and Bissacco, Alessandro and Wu, Bo and Ng, Andrew Y},
  year   = {2011}
}

% -------------------------------------------------------------------------

@inproceedings{martens2015optimizing,
  title        = {Optimizing neural networks with kronecker-factored approximate curvature},
  author       = {Martens, James and Grosse, Roger},
  booktitle    = {International conference on machine learning},
  pages        = {2408--2417},
  year         = {2015},
  organization = {PMLR}
}

@article{khan2017variational,
  title   = {Variational adaptive-Newton method for explorative learning},
  author  = {Khan, Mohammad Emtiyaz and Lin, Wu and Tangkaratt, Voot and Liu, Zuozhu and Nielsen, Didrik},
  journal = {arXiv preprint arXiv:1711.05560},
  year    = {2017}
}

@inproceedings{zhang2018noisy,
  title        = {Noisy natural gradient as variational inference},
  author       = {Zhang, Guodong and Sun, Shengyang and Duvenaud, David and Grosse, Roger},
  booktitle    = {International Conference on Machine Learning},
  pages        = {5852--5861},
  year         = {2018},
  organization = {PMLR}
}

@article{bae2018eigenvalue,
  title   = {Eigenvalue corrected noisy natural gradient},
  author  = {Bae, Juhan and Zhang, Guodong and Grosse, Roger},
  journal = {arXiv preprint arXiv:1811.12565},
  year    = {2018}
}

@article{osawa2019practical,
  title   = {Practical deep learning with Bayesian principles},
  author  = {Osawa, Kazuki and Swaroop, Siddharth and Khan, Mohammad Emtiyaz E and Jain, Anirudh and Eschenhagen, Runa and Turner, Richard E and Yokota, Rio},
  journal = {Advances in neural information processing systems},
  volume  = {32},
  year    = {2019}
}

@article{miani2022laplacian,
  title   = {Laplacian Autoencoders for Learning Stochastic Representations},
  author  = {Miani, Marco and Warburg, Frederik and Moreno-Mu{\~n}oz, Pablo and Detlefsen, Nicke Skafte and Hauberg, S{\o}ren},
  journal = {arXiv preprint arXiv:2206.15078},
  year    = {2022}
}
